<mx:record xmlns="http://www.w3.org/TR/xhtml1/strict" xmlns:mx="http://www.loc.gov/MARC21/slim" xmlns:xsi="http://www.w3.org/2001/XMLSchema-instance"><mx:leader>00000cz   2200000n  4500</mx:leader><mx:controlfield tag="001">oca01210238 </mx:controlfield><mx:controlfield tag="005">19900209135137.9</mx:controlfield><mx:controlfield tag="008">841102n| acannaab|          |a aaa |||  </mx:controlfield><mx:datafield ind1=" " ind2=" " tag="010"><mx:subfield code="a">n  84226670 </mx:subfield></mx:datafield><mx:datafield ind1=" " ind2=" " tag="040"><mx:subfield code="a">DLC</mx:subfield><mx:subfield code="c">DLC</mx:subfield><mx:subfield code="d">DLC</mx:subfield></mx:datafield><mx:datafield ind1="0" ind2=" " tag="100"><mx:subfield code="a">Odo,</mx:subfield><mx:subfield code="c">of Cheriton,</mx:subfield><mx:subfield code="d">d. 1247</mx:subfield></mx:datafield><mx:datafield ind1="0" ind2=" " tag="400"><mx:subfield code="a">Cheriton,</mx:subfield><mx:subfield code="c">Odo of,</mx:subfield><mx:subfield code="d">d. 1247</mx:subfield></mx:datafield><mx:datafield ind1="0" ind2=" " tag="400"><mx:subfield code="a">Odon,</mx:subfield><mx:subfield code="c">de Cheriton,</mx:subfield><mx:subfield code="d">d. 1247</mx:subfield></mx:datafield><mx:datafield ind1="0" ind2=" " tag="400"><mx:subfield code="a">Odo,</mx:subfield><mx:subfield code="c">de Cheriton,</mx:subfield><mx:subfield code="d">d. 1247</mx:subfield></mx:datafield><mx:datafield ind1="0" ind2=" " tag="400"><mx:subfield code="a">Eudes,</mx:subfield><mx:subfield code="c">de Cheriton,</mx:subfield><mx:subfield code="d">d. 1247</mx:subfield></mx:datafield><mx:datafield ind1=" " ind2=" " tag="670"><mx:subfield code="a">His The fables of Odo of Cheriton, 1984:</mx:subfield><mx:subfield code="b">t.p. (Odo of Cheriton) introd. (d. 1247)</mx:subfield></mx:datafield><mx:datafield ind1=" " ind2=" " tag="670"><mx:subfield code="a">Libro de los gatos, 1984:</mx:subfield><mx:subfield code="b">p. 34 ("Fabulae d'Odon (ou, Odo, ou Eudes) de Cheriton ... clerc anglais du début du XIIIe")</mx:subfield></mx:datafield><mx:datafield ind1=" " ind2=" " tag="670"><mx:subfield code="a">LC manual auth. cd.</mx:subfield><mx:subfield code="b">(hdg.: Odo, of Cheriton, d. 1247)</mx:subfield></mx:datafield><mx:datafield ind1=" " ind2=" " tag="999"><mx:subfield code="a">65</mx:subfield></mx:datafield></mx:record>